@book{Coulouris5, 
author = {Coulouris, George and Dollimore, Jean and Kindberg, Tim and Blair, Gordon}, 
title = {Distributed Systems: Concepts and Design}, 
year = {2011}, 
isbn = {0132143011}, 
publisher = {Addison-Wesley Publishing Company}, 
address = {USA}, 
edition = {5th}, 
abstract = {Broad and up-to-date coverage of the principles and practice in the fast moving area of Distributed Systems. Distributed Systems provides students of computer science and engineering with the skills they will need to design and maintain software for distributed applications. It will also be invaluable to software engineers and systems designers wishing to understand new and future developments in the field. From mobile phones to the Internet, our lives depend increasingly on distributed systems linking computers and other devices together in a seamless and transparent way. The fifth edition of this best-selling text continues to provide a comprehensive source of material on the principles and practice of distributed computer systems and the exciting new developments based on them, using a wealth of modern case studies to illustrate their design and development. The depth of coverage will enable readers to evaluate existing distributed systems and design new ones.} 
}

@misc{gnutella4,
    author = {Clip2},
    title = {The Annotated Gnutella Protocol Specification v0.4},
    howpublished ={Available at \url{http://rfc-gnutella.sourceforge.net/developer/stable/}}
}

@misc{bully_alg,
author={Wikipedia},
title= {Wikipedia: Bully algorithm},
howpublished= {\url{https://en.wikipedia.org/wiki/Bully_algorithm}}
}